% Encoding: UTF-8

@Article{Arabacioglu2010,
  author        = {Arabacioglu, Burcin Cem},
  title         = {Using fuzzy inference system for architectural space analysis},
  journal       = {Applied Soft Computing},
  year          = {2010},
  volume        = {10},
  number        = {3},
  pages         = {926--937},
  __markedentry = {[caiomsouza:]},
  file          = {:Arabacioglu2010 - Using fuzzy inference system for architectural space analysis.pdf:PDF},
  publisher     = {Elsevier},
}

@Comment{jabref-meta: databaseType:bibtex;}
